@misc {Alsop2023VRHeadsetAvg,
   url = {https://www.statista.com/forecasts/1338404/vr-headset-average-price-united-states},
   author = {Alsop, Thomas} ,
   year = {2023},
   title = {Virtual reality (VR) headset average price in the United States from 2018 to 2028},
}

@article{Baird1999EvaluatingTheEffectiveness,
    author = {Baird, Kevin M., and Woodrow Barfield} ,
    title = {Evaluating the effectiveness of augmented reality displays for a manual assembly task},
    journal = {Virtual reality 4} ,
    year = {1999},
    pages = {250-259}
}

@misc {Beltran2022BuildingYourOwn,
   url = {https://www.itechpost.com/articles/115389/20221202/building-pc-advantages-disadvantages.htm},
   author = {Beltran, Bea},
   year = {2022},
   title = {Building You Own PC: Advantages, Disadvantages},
}

@misc {Bricken1991VirtualRealityLearning,
    author = {Bricken, Meredith} ,
    title = {Virtual reality learning environments: potentials and challenges},
    journal = {Acm Siggraph Computer Graphics 25.3},
    year = {1991}, 
    pages = {178-184}
}

@article{Chen2011AVirtualRealityExperiment,
    author = {Chen, Xinrun, et al.} ,
    title = {A virtual reality experiment system for an introductory computer hardware course},
    journal = {Computer Applications in Engineering Education 29.6},
    year = {2011}, 
    pages = {1702-1717}
}

@article{Desurvire2018DesignUserExperience,
    author = {Desurvire, Heather, and Max Kreminski} ,
    title = {re game design and user research guidelines specific to virtual reality effective in creating a more optimal player experience? Yes, VR PLAY},
    journal = {Design, User Experience, and Usability: Theory and Practice: 7th International Conference},
    year = {2018}, 
}

@misc {Fisher2021EverythingYouNeed,
   url = {https://www.lifewire.com/computer-hardware-2625895},
   author = {Fisher, Tim},
   year = {2021},
   title = {Everything You Need to Know About Computer Hardware},
}

@misc {GlobalAmerican2022TypesOfCPU,
   url = {https://globalamericaninc.com/types-of-cpu-sockets/},
   author = {Global American, Inc},
   year = {2022},
   title = {Types of CPU Sockets},
}	

@misc {Intel2023HowToApply,
   url = {https://www.intel.com/content/www/us/en/gaming/resources/how-to-apply-thermal-paste.html},
   author = {Intel Corporation},
   year = {2023},
   title = {How to Apply Thermal Paste and How It Works},
}	

@misc {Kenwright2018VirtualRealityEthical,
   url = {https://globalamericaninc.com/types-of-cpu-sockets/},
   author = {Kenwright, Ben},
   year = {2018},
   title = {Virtual reality: ethical challenges and dangers [opinion]},
}

@misc {Newegg2023IntelMotherboards,
   url = {https://www.newegg.com/Intel-Motherboards/SubCategory/ID-280},
   author = {Newegg Inc.},
   year = {2023},
   title = {Intel Motherboards},
}

@article{Pirker2020VRinCS,
    author = {Pirker, Johanna, et al.} ,
    title = {Virtual Reality in Computer Science Education: A Systematic Review},
    journal = {Proceedings of the 26th ACM symposium on virtual reality software and technology},
    year = {2020}, 
}

@misc {Sample2021HowToAssemble,
   url = {https://openoregon.pressbooks.pub/app/uploads/sites/86/2022/01/PC-Assembly-Instructions-Student-Sample.pdf},
   year = {2021},
   title = {How To Assemble a PC},
}

@article{Spiegel2018TheEthicsOf,
    author = {Spiegel, James S.} ,
    title = {The ethics of virtual reality technology: Social hazards and public policy recommendations},
    journal = {Science and engineering ethics 24.5},
    year = {2018}, 
    pages = {1537-1550}
}

@article{Tong2020DesignAndApplication,
    author = {Tong, Yanping, et al.} ,
    title = {Design and Application of Virtual Training System for Computer Hardware Assembly},
    journal = {Proceedings of the 2nd World Symposium on Software Engineering},
    year = {2020}
}

@misc {Unity2023VRDevelopment,
   url = {https://docs.unity3d.com/Manual/VROverview.html},
   author = {UnityTechnologies},
   year = {2023},
   title = {VR Development in Unity},
}

@misc {Unity2023IntroductionToComponents,
   url = {https://docs.unity3d.com/Manual/Components.html},
   author = {UnityTechnologies},
   year = {2023},
   title = {Introduction to Components},
}

@misc {Unity2023HingeJointComponent,
   url = {https://docs.unity3d.com/Manual/class-HingeJoint.html},
   author = {UnityTechnologies},
   year = {2023},
   title = {Hinge Joint component reference},
}

@misc {Unity2023VRSnapZones,
   url = {https://learn.unity.com/tutorial/snap-zones},
   author = {UnityTechnologies},
   year = {2023},
   title = {VR Snap Zones (using VRTK)},
}

@article{Westerfield2015IntelligentAR,
    author = {Westerfield, Giles, et al.} ,
    title = {Intelligent augmented reality training for motherboard assembly},
    journal = {International Journal of Artificial Intelligence in Education},
    year = {2015}
}

@misc {Valem2022GrabHand,
   url = {https://www.youtube.com/watch?v=JdspLj4fZlI},
   author = {Valem Tutorials},
   year = {2022},
   title = {Custom Grab Hand Pose with Unity XR Toolkit - PART 1},
}

@misc {Valem2022HowToVR,
   url = {https://www.youtube.com/playlist?list=PLpEoiloH-4eP-OKItF8XNJ8y8e1asOJud},
   author = {Valem Tutorials},
   year = {2022},
   title = {How to make a VR game - Unity XR Toolkit 2022},
}

@misc {Valem2020HowToDetect,
   url = {https://www.youtube.com/watch?v=GRSOrkmasMM},
   author = {Valem Tutorials},
   year = {2020},
   title = {How to Detect a Movement in VR - Unity VR Tutorial - PART 1},
}

@misc {Valem2022GrabHand,
   url = {https://www.youtube.com/watch?v=JdspLj4fZlI},
   author = {Valem Tutorials},
   year = {2022},
   title = {Custom Grab Hand Pose with Unity XR Toolkit - PART 1},
}








